<?xml version="1.0" encoding="UTF-8"?><record xmlns="http://www.loc.gov/MARC21/slim" xmlns:cinclude="http://apache.org/cocoon/include/1.0" xmlns:zs="http://www.loc.gov/zing/srw/">
  <leader>00470nz  a2200145n  4500</leader>
  <controlfield tag="001">n 2015201707</controlfield>
  <controlfield tag="003">DLC</controlfield>
  <controlfield tag="005">20150129040808.0</controlfield>
  <controlfield tag="008">150129n| azannaabn          |n ana      </controlfield>
  <datafield tag="010" ind1=" " ind2=" ">
    <subfield code="a">n 2015201707</subfield>
  </datafield>
  <datafield tag="040" ind1=" " ind2=" ">
    <subfield code="a">DLC</subfield>
    <subfield code="b">eng</subfield>
    <subfield code="c">DLC</subfield>
    <subfield code="e">rda</subfield>
  </datafield>
  <datafield tag="110" ind1="2" ind2=" ">
    <subfield code="a">Dibru College.</subfield>
    <subfield code="b">Department of Anthropology</subfield>
  </datafield>
  <datafield tag="370" ind1=" " ind2=" ">
    <subfield code="e">Dibrugarh (India)</subfield>
    <subfield code="2">naf</subfield>
  </datafield>
  <datafield tag="377" ind1=" " ind2=" ">
    <subfield code="a">eng</subfield>
  </datafield>
  <datafield tag="670" ind1=" " ind2=" ">
    <subfield code="a">Socio-cultural dimensions of North East India, 2014:</subfield>
    <subfield code="b">page v (Department of Anthropology, Dibru College, Dibrugarh, Assam)</subfield>
  </datafield>
</record>